@Manual{base,
  title = {R: A Language and Environment for Statistical Computing},
  author = {{R Core Team}},
  organization = {R Foundation for Statistical Computing},
  address = {Vienna, Austria},
  year = {2020},
  url = {https://www.R-project.org/},
}
@Manual{baseline,
  title = {baseline: Baseline Correction of Spectra},
  author = {Kristian Hovde Liland and Bjørn-Helge Mevik},
  year = {2020},
  note = {R package version 1.3-0},
  url = {https://CRAN.R-project.org/package=baseline},
}
@Manual{hyperSpec,
  title = {hyperSpec: Work with Hyperspectral Data, i.e. Spectra + Meta Information
(Spatial, Time, Concentration, ...)},
  author = {Claudia Beleites and Valter Sergo},
  year = {2020},
  note = {R package version 0.99-20200527},
  url = {https://CRAN.R-project.org/package=hyperSpec},
}
@Manual{inline,
  title = {inline: Functions to Inline C, C++, Fortran Function Calls from R},
  author = {Oleg Sklyar and Duncan Murdoch and Mike Smith and Dirk Eddelbuettel and Romain Francois and Karline Soetaert},
  year = {2018},
  note = {R package version 0.3.15},
  url = {https://CRAN.R-project.org/package=inline},
}
@Manual{mvtnorm,
  title = {mvtnorm: Multivariate Normal and t Distributions},
  author = {Alan Genz and Frank Bretz and Tetsuhisa Miwa and Xuefei Mi and Torsten Hothorn},
  year = {2020},
  note = {R package version 1.1-0},
  url = {https://CRAN.R-project.org/package=mvtnorm},
}
@Manual{plotrix,
  title = {plotrix: Various Plotting Functions},
  author = {Jim Lemon and Ben Bolker and Sander Oom and Eduardo Klein and Barry Rowlingson and Hadley Wickham and Anupam Tyagi and Olivier Eterradossi and Gabor Grothendieck and Michael Toews and John Kane and Rolf Turner and Carl Witthoft and Julian Stander and Thomas Petzoldt and Remko Duursma and Elisa Biancotto and Ofir Levy and Christophe Dutang and Peter Solymos and Robby Engelmann and Michael Hecker and Felix Steinbeck and Hans Borchers and Henrik Singmann and Ted Toal and Derek Ogle and Darshan Baral and Ulrike Groemping and Bill Venables},
  year = {2020},
  note = {R package version 3.7-8},
  url = {https://CRAN.R-project.org/package=plotrix},
}
@Manual{pls,
  title = {pls: Partial Least Squares and Principal Component Regression},
  author = {Bjørn-Helge Mevik and Ron Wehrens and Kristian Hovde Liland},
  year = {2019},
  note = {R package version 2.7-2},
  url = {https://CRAN.R-project.org/package=pls},
}
@Manual{Rcpp,
  title = {Rcpp: Seamless R and C++ Integration},
  author = {Dirk Eddelbuettel and Romain Francois and JJ Allaire and Kevin Ushey and Qiang Kou and Nathan Russell and Douglas Bates and John Chambers},
  year = {2020},
  note = {R package version 1.0.4.6},
  url = {https://CRAN.R-project.org/package=Rcpp},
}
@Article{baseline2010,
  title = {Optimal Choice of Baseline Correction for Multivariate Calibration of Spectra},
  author = {Kristian Hovde Liland and Trygve Almøy and Bjørn-Helge Mevik},
  year = {2010},
  volume = {64},
  pages = {1007-1016},
  journal = {Applied Spectroscopy},
}
@Book{mvtnorm2009,
  title = {Computation of Multivariate Normal and t Probabilities},
  author = {Alan Genz and Frank Bretz},
  series = {Lecture Notes in Statistics},
  year = {2009},
  publisher = {Springer-Verlag},
  address = {Heidelberg},
  isbn = {978-3-642-01688-2},
}
@Article{plotrix2006,
  year = {2006},
  title = {Plotrix: a package in the red light district of R},
  journal = {R-News},
  volume = {6},
  number = {4},
  pages = {8-12},
  author = {Lemon J},
}
@Article{Rcpp2011,
  title = {{Rcpp}: Seamless {R} and {C++} Integration},
  author = {Dirk Eddelbuettel and Romain Fran\c{c}ois},
  journal = {Journal of Statistical Software},
  year = {2011},
  volume = {40},
  number = {8},
  pages = {1--18},
  url = {http://www.jstatsoft.org/v40/i08/},
  doi = {10.18637/jss.v040.i08},
}
@Book{Rcpp2013,
  title = {Seamless {R} and {C++} Integration with {Rcpp}},
  author = {Dirk Eddelbuettel},
  publisher = {Springer},
  address = {New York},
  year = {2013},
  note = {ISBN 978-1-4614-6867-7},
  doi = {10.1007/978-1-4614-6868-4},
}
@Article{Rcpp2017,
  title = {{Extending 	extit{R} with 	extit{C++}: A Brief Introduction to 	extit{Rcpp}}},
  author = {Dirk Eddelbuettel and James Joseph Balamuta},
  journal = {PeerJ Preprints},
  year = {2017},
  month = {aug},
  volume = {5},
  pages = {e3188v1},
  issn = {2167-9843},
  url = {https://doi.org/10.7287/peerj.preprints.3188v1},
  doi = {10.7287/peerj.preprints.3188v1},
}
